@book{RN184,
   author = {Wickham, Hadley},
   title = {Advanced R},
   publisher = {CRC Press},
   address = {Broken Sound Parkway, NW},
   year = {2015},
   type = {Book}
}

@book{RN293,
   author = {Everitt, B. S.},
   title = {The analysis of contigency tables},
   publisher = {Chapman and Hall},
   address = {New York, NY},
   year = {1977},
   type = {Book}
}

@book{RN234,
   author = {Chatfield, Chris},
   title = {The analysis of time series},
   publisher = {CRC Press},
   address = {Boca Raton, UK},
   year = {2009},
   type = {Book}
}

@article{RN161,
   author = {Barr, Dale J.},
   title = {Analyzing ‘visual world’ eyetracking data using multilevel logistic regression},
   journal = {Journal of Memory and Language},
   volume = {59},
   pages = {457-474},
   DOI = {10.1016/j.jml.2007.09.002},
   year = {2008},
   type = {Journal Article}
}

@book{RN43,
   author = {Baayen, R. H.},
   title = {Analyzing Linguistic Data:  A Practical Introduction to Statistics Using R},
   publisher = {Cambridge University Press},
   year = {2008},
   type = {Book}
}

@article{RN203,
   author = {Langsrud, Øyvind},
   title = {ANOVA for unbalanced data: Use Type II instead of Type III sums of squares},
   journal = {Statistics and Computing},
   volume = {13},
   pages = {163-167},
   year = {2003},
   type = {Journal Article}
}

@book{RN183,
   author = {Weisberg, Sanford},
   title = {Applied Linear Regression},
   publisher = {Willey},
   address = {Hoboken, NJ},
   edition = {4},
   year = {2014},
   type = {Book}
}

@book{RN299,
   author = {Kutner, Michael H. and Nachtsheim, Christopher J. and Neter, John and Li, William},
   title = {Applied Linear Statistical Models},
   publisher = {McGraw-Hill Irwin},
   year = {2005},
   type = {Book}
}

@book{RN186,
   author = {Kuhn, Max and Johnson, Kjell},
   title = {Applied Predictive Modeling},
   publisher = {New York, NY},
   year = {2013},
   type = {Book}
}

@book{RN146,
   author = {Fox, John},
   title = {Applied Regression Analysis and Generalized Linear Models},
   publisher = {SAGE},
   address = {Thousand Oaks, CA},
   edition = {3},
   year = {2016},
   type = {Book}
}

@book{RN187,
   author = {Peng, Roger D. and Matsui, Elizabeth},
   title = {The Art of Data Science: A Guide for Anyone Who Works with Data},
   publisher = {Skybrude Consulting, LLC},
   year = {2016},
   type = {Book}
}

@article{RN291,
   author = {Wasserstein, Ronald L. and Lazar, Nicole A.},
   title = {The ASA's Statement on p-Values: Context, Process, and Purpose},
   journal = {The American Statistician},
   volume = {70},
   number = {2},
   pages = {129-133},
   ISSN = {0003-1305},
   DOI = {10.1080/00031305.2016.1154108},
   url = {http://dx.doi.org/10.1080/00031305.2016.1154108},
   year = {2016},
   type = {Journal Article}
}

@inbook{RN265,
   author = {Baayena, R. Harald and van Rij, Jacolien  and de Cat, Cecile and Wood, Simon},
   title = {Autocorrelated errors in experimental data in the language sciences: Some solutions offered by Generalized Additive Mixed Models},
   booktitle = { Mixed Effects Regression Models in Linguistics},
   editor = {Speelman, D. and Heylen, K. and Geeraerts, D.},
   publisher = {Springer},
   address = {Berlin},
   year = {2016},
   type = {Book Section}
}

@article{RN305,
   author = {Matuschek, Hannes and Kliegl, Reinhold and Vasishth, Shravan and Baayen, Harald and Bates, Douglas},
   title = {Balancing Type I error and power in linear mixed models},
   journal = {Journal of Memory and Language},
   volume = {94},
   pages = {305-315},
   ISSN = {0749596X},
   DOI = {10.1016/j.jml.2017.01.001},
   year = {2017},
   type = {Journal Article}
}

@book{RN311,
   author = {Elston, Robert C. and Johnson, William D.},
   title = {Basic Biostatistics for Geneticists and Epidemiologists},
   publisher = {John Wiley and Sons},
   address = {West Sussex, United Kingdom},
   year = {2008},
   type = {Book}
}

@book{RN242,
   author = {Moore, David S. and Notz, William I. and Fligner, Michael A.},
   title = {The Basic Practice of Statistics},
   publisher = {W. H. Freeman and Company},
   address = {New York, NY},
   year = {2013},
   type = {Book}
}

@book{RN192,
   author = {Fieller, Nick},
   title = {Basics of matrix algebra for statistics with R},
   publisher = {CRC Press},
   address = {Boca Raton, FL},
   year = {2016},
   type = {Book}
}

@book{RN156,
   author = {Krause, Andreas and Olson, Melvin},
   title = {The Basics of S and S-Plus},
   publisher = {Springer},
   year = {2000},
   type = {Book}
}

@article{RN318,
   author = {Kass, Robert E. and Raftery, Adrian E.},
   title = {Bayes Factors},
   journal = {Journal of the American Statistical Association},
   volume = {90},
   number = {430},
   pages = {773-795},
   ISSN = {0162-1459
1537-274X},
   DOI = {10.1080/01621459.1995.10476572},
   year = {1995},
   type = {Journal Article}
}

@book{RN44,
   author = {Jackman, Simon},
   title = {Bayesian Analysis for the Social Sciences},
   publisher = {Wiley},
   address = {West Sussex, UK},
   year = {2009},
   type = {Book}
}

@book{RN312,
   author = {Gelman, Andrew and Carlin, John B. and Stern, Hal S. and Dunson, David B. and Vehtari, Aki and Rubin, Donald B.},
   title = {Bayesian Data Analysis},
   publisher = {CRC Press},
   address = {Boca Raton, FL},
   year = {2014},
   type = {Book}
}

@book{RN313,
   author = {Barber, David},
   title = {Bayesian reasoning and machine learning},
   publisher = {Cambridge University Press},
   address = {Cambridge, UK},
   year = {2012},
   type = {Book}
}

@book{RN314,
   author = {Bernardo, José M. and Smith, Adrian F. M.},
   title = {Bayesian Theory},
   publisher = {John Wiley},
   address = {West Sussex, UK},
   year = {2000},
   type = {Book}
}

@book{RN266,
   author = {Hetland, Magnus Lie},
   title = {Beginning Python: From Novice to Professional},
   publisher = {Apress},
   year = {2008},
   type = {Book}
}

@book{RN239,
   author = {Cooper, Peter},
   title = {Beginning Ruby: From Novice to Professional},
   publisher = {Apress},
   address = {Lincs, UK},
   year = {2016},
   type = {Book}
}

@article{RN171,
   author = {Balota, David A. and Yap, Melvin J. and Cortese, Michael J. and Watson, Jason M.},
   title = {Beyond mean response latency: Response time distributional analyses of semantic priming},
   journal = {Journal of Memory and Language},
   volume = {59},
   number = {4},
   pages = {495-523},
   ISSN = {0749596X},
   DOI = {10.1016/j.jml.2007.10.004},
   year = {2008},
   type = {Journal Article}
}

@book{RN323,
   author = {Xie, Yihui},
   title = {Bookdown: Authoring books and technical documents with r markdown},
   publisher = {CRC Press},
   address = {Boca Raton, FL},
   year = {2016},
   type = {Book}
}

@article{RN248,
   author = {Becker, Richard A.},
   title = {A Brief History of S},
   year = {1993},
   type = {Journal Article}
}

@book{RN182,
   author = {Stewart, James},
   title = {Calculus: Early transcendentals},
   publisher = {Cengage Learning},
   address = {Boston, MA},
   edition = {8},
   year = {2016},
   type = {Book}
}

@article{RN316,
   author = {Sellke, Thomas and Bayarri, M. J. and Berger, James O.},
   title = {Calibration of  p Values for Testing Precise Null Hypotheses},
   journal = {The American Statistician},
   volume = {55},
   number = {1},
   pages = {62-71},
   ISSN = {0003-1305
1537-2731},
   DOI = {10.1198/000313001300339950},
   year = {2001},
   type = {Journal Article}
}

@book{RN47,
   author = {Agresti, Alan},
   title = {Categorical Data Analysis},
   publisher = {Wiley \& Sons},
   address = {New Jersey, NJ},
   edition = {3},
   year = {2013},
   type = {Book}
}

@article{RN168,
   author = {Jaeger, T. F.},
   title = {Categorical Data Analysis: Away from ANOVAs (transformation or not) and towards Logit Mixed Models},
   journal = {Journal of Memory and Language},
   volume = {59},
   number = {4},
   pages = {434-446},
   ISSN = {0749-596X (Print)
0749-596X (Linking)},
   DOI = {10.1016/j.jml.2007.11.007},
   url = {http://www.ncbi.nlm.nih.gov/pubmed/19884961},
   year = {2008},
   type = {Journal Article}
}

@article{RN287,
   author = {Baayen, Harald and Vasishth, Shravan and Kliegl, Reinhold and Bates, Douglas},
   title = {The cave of shadows: Addressing the human factor with generalized additive mixed models},
   journal = {Journal of Memory and Language},
   volume = {94},
   pages = {206-234},
   ISSN = {0749596X},
   DOI = {10.1016/j.jml.2016.11.006},
   year = {2017},
   type = {Journal Article}
}

@article{RN167,
   author = {Figueredo, Aurelio José and Olderbak, Sally},
   title = {Commentary for special issue of journal of memory and language: Generalizability theory analysis for psycholinguistic applications},
   journal = {Journal of Memory and Language},
   volume = {59},
   number = {4},
   pages = {426-433},
   ISSN = {0749596X},
   DOI = {10.1016/j.jml.2008.07.004},
   year = {2008},
   type = {Journal Article}
}

@book{RN300,
   author = {Kassambara, Alboukadel},
   title = {Complete Guide to 3D Plots in R:  Static and interactive 3-dimension graphs},
   publisher = {STHDA},
   year = {2015},
   type = {Book}
}

@book{RN233,
   author = {Lumley, Thomas},
   title = {Complex surveys: A guide to analysis using R},
   publisher = {Wiley},
   address = {New Jersey, NJ},
   year = {2010},
   type = {Book}
}

@misc{RN269,
   year = {2014},
   type = {Manuscript}
}

@book{RN288,
   author = {Efron, Bradley and Hastie, Trevor},
   title = {Computer age statistical inference: Algorithms, evidence, and data science},
   publisher = {Cambridge University Press},
   address = {New York, NY},
   year = {2016},
   type = {Book}
}

@book{RN249,
   author = {van Roy, Peter and Haridi, Seif},
   title = {Concepts, Techniques, and Models of Computer Programming},
   publisher = {MIT Press},
   year = {2004},
   type = {Book}
}

@article{RN27,
   author = {Schielzeth, Holger and Forstmeier, Wolfgang},
   title = {Conclusions beyond support: overconfident estimates in mixed models},
   journal = {Behavioral Ecology},
   volume = {20},
   number = {2},
   pages = {416-420},
   DOI = {10.1093/beheco/arn145},
   url = {http://beheco.oxfordjournals.org/content/20/2/416.abstract},
   year = {2009},
   type = {Journal Article}
}

@book{RN217,
   author = {Johnson, Norman L. and Kotz, Samuel and Balakeishnan, N.},
   title = {Continuous univariate distributions},
   publisher = {John Willey},
   edition = {2},
   year = {1995},
   type = {Book}
}

@book{RN53,
   author = {Maindonald, John and Braun, W. John},
   title = {Data Analysis and Graphics Using R: An Example-Based Approach},
   publisher = {Cambridge University Press},
   year = {2003},
   type = {Book}
}

@book{RN54,
   author = {Gelman, Andrew and Hill, Jennifer},
   title = {Data Analysis Using Regression and Multilevel/Hierarchical Models},
   publisher = {Cambridge University Press},
   year = {2007},
   type = {Book}
}

@book{RN55,
   author = {Spector, Phi},
   title = {Data Manipulation with R},
   publisher = {Springer},
   year = {2008},
   type = {Book}
}

@book{RN227,
   author = {Torgo, Luís},
   title = {Data mining with R: Learning with case studies},
   publisher = {CRC Press},
   address = {Boca Raton, FL},
   year = {2011},
   type = {Book}
}

@book{RN283,
   author = {Yau, Nathan},
   title = {Data Points: Visualization That Means Something},
   publisher = {Wiley},
   year = {2013},
   type = {Book}
}

@book{RN278,
   author = {Goodfellow, Ian and Bengio, Yoshua and Goodfellow, Ian and Courville, Aaron},
   title = {Deep Learning},
   publisher = {The MIT Press},
   year = {2016},
   type = {Book}
}

@article{RN284,
   author = {LeCun, Y. and Bengio, Y. and Hinton, G.},
   title = {Deep learning},
   journal = {Nature},
   volume = {521},
   number = {7553},
   pages = {436-44},
   ISSN = {1476-4687 (Electronic)
0028-0836 (Linking)},
   DOI = {10.1038/nature14539},
   url = {https://www.ncbi.nlm.nih.gov/pubmed/26017442},
   year = {2015},
   type = {Journal Article}
}

@article{RN275,
   author = {Schmidhuber, J.},
   title = {Deep learning in neural networks: an overview},
   journal = {Neural Netw},
   volume = {61},
   pages = {85-117},
   ISSN = {1879-2782 (Electronic)
0893-6080 (Linking)},
   DOI = {10.1016/j.neunet.2014.09.003},
   url = {https://www.ncbi.nlm.nih.gov/pubmed/25462637},
   year = {2015},
   type = {Journal Article}
}

@book{RN205,
   author = {Maxwell, Scott E. and Delaney, Harold D.},
   title = {Designing experiments and analyzing data: A model comparison perspective},
   publisher = {LEA},
   address = {Mahwan, NJ},
   edition = {2},
   year = {2004},
   type = {Book}
}

@book{RN56,
   author = {Field, Andy},
   title = {Discovering statistics using IBM SPSS Statistics},
   publisher = {SAGE},
   address = {London, UK},
   edition = {4},
   year = {2013},
   type = {Book}
}

@book{RN270,
   author = {Field, Andy and Miles, Jeremy and Field, Zoë},
   title = {Discovering statistics using R},
   publisher = {London, UK},
   address = {SAGE},
   year = {2012},
   type = {Book}
}

@book{RN57,
   author = {Field, Andy},
   title = {Discovering Statistics Using SPSS},
   publisher = {SAGE},
   edition = {3},
   year = {2009},
   type = {Book}
}

@book{RN59,
   author = {Kruschke, Joohn K.},
   title = {Doing Bayesian Data Analysis: A Tutorial with R and BUGS},
   year = {2010},
   type = {Book}
}

@book{RN193,
   author = {Xie, Yihui},
   title = {Dynamic Documents with R and knitr},
   publisher = {CRC Press},
   address = {Boca Raton, FL},
   edition = {2},
   year = {2014},
   type = {Book}
}

@book{RN219,
   author = {Petris, Giovanni and Petrone, Sonia and Campagnoli, Patrizia},
   title = {Dynamic Linear Models with R},
   publisher = { Springer},
   address = {New York, NY},
   year = {2009},
   type = {Book}
}

@book{RN268,
   author = {Fox, Gordon A. and Negrete-Yankelevich, Simoneta and Sosa, Vinicio J.},
   title = {Ecological Statistics: Contemporary Theory and Application},
   publisher = {Oxford Unversity Press},
   address = {Oxford, UK},
   year = {2015},
   type = {Edited Book}
}

@book{RN213,
   author = {Greene, William H.},
   title = {Econometric Analysis},
   publisher = {Pearson},
   address = {Boston, MA},
   year = {2012},
   type = {Book}
}

@article{RN26,
   author = {Bonate, PeterL},
   title = {The Effect of Collinearity on Parameter Estimates in Nonlinear Mixed Effect Models},
   journal = {Pharmaceutical Research},
   volume = {16},
   number = {5},
   pages = {709-717},
   ISSN = {0724-8741},
   DOI = {10.1023/A:1018828709196},
   url = {http://dx.doi.org/10.1023/A%3A1018828709196},
   year = {1999},
   type = {Journal Article}
}

@book{RN232,
   author = {Hastie, Trevor and Tibshirani, Robert and Friedman, Jerome},
   title = {The elements of statistical learning: Data mining, inference, and prediction},
   publisher = {Springer},
   edition = {2},
   year = {2009},
   type = {Book}
}

@article{RN61,
   author = {Doran, Harold and Bliese, Paul and Bates, Douglas and Dowling, Maritza},
   title = {Estimating the Multilevel Rasch Model: With the lme4 Package},
   journal = {Journal of Statistical Software},
   volume = {20},
   number = {2},
   pages = {1-18},
   year = {2007},
   type = {Journal Article}
}

@article{RN63,
   author = {Boeck, Paul De and Hofman, Abe and Bakker, Marjan and Nivard, Michel and Partchev, Ivailo},
   title = {The Estimation of Item Response Models with the lmer Function from the lme4 Package in R},
   journal = {Journal of Statistical Software},
   volume = {39},
   number = {12},
   pages = {1-28},
   year = {2011},
   type = {Journal Article}
}

@article{RN250,
   author = {Chambers, John},
   title = {Evolution of the S Language},
   year = {1997},
   type = {Journal Article}
}

@article{RN64,
   author = {Bates, Douglas},
   title = {Examples from Multilevel Software Comparative Reviews},
   year = {2011},
   type = {Journal Article}
}

@article{RN166,
   author = {Quené, Hugo and van den Bergh, Huub},
   title = {Examples of mixed-effects modeling with crossed random effects and with binomial data},
   journal = {Journal of Memory and Language},
   volume = {59},
   number = {4},
   pages = {413-425},
   ISSN = {0749596X},
   DOI = {10.1016/j.jml.2008.02.002},
   year = {2008},
   type = {Journal Article}
}

@book{RN260,
   author = {Chambers, John M.},
   title = {Extending R},
   publisher = {CRC Press},
   address = {Boca Baton, UK},
   year = {2016},
   type = {Book}
}

@book{RN65,
   author = {Farway, Julian J.},
   title = {Extending the linear model with R: Generalized linear, mixed effects and nonparametric regression models},
   publisher = {Taylor \&Francis},
   year = {2006},
   type = {Book}
}

@book{RN228,
   author = {Braun, W. John and Murdoch, Duncan J.},
   title = {A First Course in Statistical Programming with R},
   publisher = {Cambridge University Press},
   address = {Cambridge, UK},
   year = {2007},
   type = {Book}
}

@article{RN32,
   author = {Bates, Douglas and Mächler, Martin and Bolker, Ben and Walker, Steve},
   title = {Fitting Linear Mixed-Effects Models Using lme4},
   journal = {Journal of Statistical Software},
   volume = {67},
   number = {1},
   ISSN = {1548-7660},
   DOI = {10.18637/jss.v067.i01},
   year = {2015},
   type = {Journal Article}
}

@book{RN189,
   author = {Agresti, Alan},
   title = {Foundations of linear and generalized linear models},
   publisher = {Wiley},
   address = {New Jersey, NJ},
   year = {2015},
   type = {Book}
}

@book{RN68,
   author = {Ramsay, J. O. and Silverman, B. W.},
   title = {Functional Data Analysis},
   publisher = {Springer},
   year = {2005},
   type = {Book}
}

@book{RN67,
   author = {Ramsay, J. O. and Hooker, Giles and Graves, Spencer},
   title = {Functional Data Analysis with R and MATLAB},
   publisher = {Springer},
   address = {San Jose, CA},
   year = {2009},
   type = {Book}
}

@book{RN237,
   author = {Hastie, T. J. and Tibshirani, R. J.},
   title = {Generalized additive models},
   publisher = {Chapman and Hall},
   address = {Landon, UK},
   year = {1990},
   type = {Book}
}

@book{RN236,
   author = {Wood, Simon N.},
   title = {Generalized Additive Models: an introduction with R},
   publisher = {CRC Press},
   year = {2006},
   type = {Book}
}

@article{RN45,
   author = {Bolker, B. M. and Brooks, M. E. and Clark, C. J. and Geange, S. W. and Poulsen, J. R. and Stevens, M. H. and White, J. S.},
   title = {Generalized linear mixed models: A practical guide for ecology and evolution},
   journal = {Trends in Ecology and Evolution},
   volume = {24},
   number = {3},
   pages = {127-35},
   ISSN = {0169-5347 (Print)
0169-5347 (Linking)},
   DOI = {10.1016/j.tree.2008.10.008},
   url = {http://www.ncbi.nlm.nih.gov/pubmed/19185386},
   year = {2009},
   type = {Journal Article}
}

@book{RN267,
   author = {Stroup, Walter W.},
   title = {Generalized Linear Mixed Models: Modern Concepts, Methods and Applications},
   publisher = {CRC Press},
   address = {Boca Raton, FL},
   year = {2013},
   type = {Book}
}

@book{RN3,
   author = {McCullagh, P. and FRS, J. A. Nelder},
   title = {Generalized linear models},
   publisher = {Chapman and Hall},
   address = {London, UK},
   edition = {2},
   year = {1990},
   type = {Book}
}

@book{RN4,
   author = {Olsson, Ulf},
   title = {Generalized linear models: An applied approach},
   publisher = {Studentlitteratur},
   address = {Lund, Sweden},
   year = {2002},
   type = {Book}
}

@book{RN70,
   author = {Wickham, Hadley},
   title = {ggplot2: Elegant Graphics for Data Analysis},
   publisher = {Springer},
   address = {New York, NY},
   year = {2009},
   type = {Book}
}

@book{RN71,
   author = {Mirman, Daniel},
   title = {Growth Curve Analysis and Visualization Using R},
   publisher = {CRC Press},
   year = {2014},
   type = {Book}
}

@book{RN175,
   author = {Everitt, Brian S. and Hothorn, Torsten},
   title = {A Handbook of Statistical Analyses Using R},
   publisher = {Taylor \& Francis},
   address = {Boca Raton, F L},
   year = {2006},
   type = {Book}
}

@book{RN72,
   author = {Everitt, Brian S.},
   title = {A Handbook of Statistical Analyses using S-Plus},
   publisher = {CRC Press},
   year = {2002},
   type = {Book}
}

@book{RN294,
   author = {Hayes, A. Wallace and Kruger, Claire L.},
   title = {Hayes’ Principles and methods of toxicology},
   publisher = {CRC Press},
   address = {Broken Sound Parkway, NW},
   year = {2014},
   type = {Edited Book}
}

@book{RN251,
   author = {Raudenbush, Stephen W. and Bryk, Anthony S.},
   title = {Hierarchical linear models: Applications and data analysis methods},
   publisher = {Sage},
   address = {Thousand Oaks, CA},
   edition = {2},
   year = {2002},
   type = {Book}
}

@book{RN252,
   author = {Casario, Marco and Elst, Peter and Brown, Charles and Wormser, Nathalie and Hanquez, Cyril},
   title = {HTML5 solutions},
   year = {1999},
   type = {Book}
}

@book{RN253,
   author = {Aronson, Larry},
   title = {HTML Manual of Style},
   publisher = {Pearson},
   year = {2011},
   type = {Book}
}

@book{RN286,
   author = {Bolstad, William M.},
   title = {Introduction to Bayesian statistics},
   publisher = {Wiley},
   year = {2004},
   type = {Book}
}

@book{RN317,
   author = {Bolstad, William M.},
   title = {Introduction to Bayesian Statistics},
   publisher = {John Wiley and Sons},
   address = {Hoboken, NJ},
   year = {2007},
   type = {Book}
}

@book{RN188,
   author = {Agresti, Alan},
   title = {An Introduction to Categorical Data Analysis},
   publisher = {Wiley},
   address = {New Jersey, NJ},
   edition = {2},
   year = {2007},
   type = {Book}
}

@book{RN41,
   author = {Dobson, Annette J. and Barnett, Adrian G.},
   title = {An Introduction to Generalized Linear Models},
   publisher = {CRC Press},
   edition = {3},
   year = {2008},
   type = {Book}
}

@book{RN76,
   author = {Strang, Gilbert},
   title = {Introduction to Linear Algebra},
   publisher = {Cambridge Press},
   address = {Wellesley, MA},
   edition = {4},
   year = {2009},
   type = {Book}
}

@book{RN279,
   author = {Blitzstein, Joseph K. and Hwang, Jessica},
   title = {Introduction to Probability},
   publisher = {CRC Press},
   year = {2015},
   type = {Book}
}

@book{RN77,
   author = {William Mendenhall, III  and Beaver, Robert J. and Beaver, Barbara M.},
   title = {Introduction to Probability and Statistics},
   publisher = {Cangage Learning},
   year = {2013},
   type = {Book}
}

@book{RN256,
   author = {Jones, Owen and Maillardet, Robert and Robinson, Andrew},
   title = {IntroductIon to Scientific Programming and Simulation using R},
   publisher = {CRC Press},
   address = {Boca Raton, FL},
   year = {2009},
   type = {Book}
}

@book{RN302,
   author = {Jones, Owen and Maillardet, Robert and Robinson, Andrew},
   title = {Introduction to Scientific Programming and Simulation Using R},
   publisher = {CRC Press},
   address = {Boca Raton, FL},
   edition = {2},
   year = {2014},
   type = {Book}
}

@book{RN224,
   author = {James, Gareth and Witten, Daniela and Hastie, Trevor and Tibshirani, Robert},
   title = {An introduction to statistical learning with applications in R},
   publisher = {Springer},
   address = {New York, NY},
   year = {2013},
   type = {Book}
}

@article{RN164,
   author = {Forster, Kenneth and Masson, Michael},
   title = {Introduction: Emerging data analysis},
   journal = {Journal of Memory and Language},
   volume = {59},
   number = {4},
   pages = {387-388},
   ISSN = {0749596X},
   DOI = {10.1016/j.jml.2008.08.005},
   year = {2008},
   type = {Journal Article}
}

@book{RN207,
   author = {Weiss, Neil A.},
   title = {Introductory statistics},
   publisher = {Pearson},
   edition = {9},
   year = {2012},
   type = {Book}
}

@book{RN79,
   author = {Dalgaard, Peter},
   title = {Introductory Statistics with R},
   publisher = {Springer},
   year = {2008},
   type = {Book}
}

@book{RN144,
   author = {Sarkar, Deepayan},
   title = {Lattice: Multivariate Data Visualization with R},
   publisher = {Springer},
   year = {2008},
   type = {Book}
}

@article{RN129,
   author = {Wickham, Hadley},
   title = {A Layered Grammar of Graphics},
   journal = {Journal of Computational and Graphical Statistics},
   volume = {19},
   number = {1},
   pages = {3-28},
   ISSN = {1061-8600
1537-2715},
   DOI = {10.1198/jcgs.2009.07098},
   year = {2010},
   type = {Journal Article}
}

@book{RN306,
   author = {Lutz, Mark},
   title = {Learning Python},
   publisher = {O’Reilly Media},
   address = {Sebastopol, CA},
   edition = {5},
   year = {2013},
   type = {Book}
}

@book{RN155,
   author = {Strang, Gilbert},
   title = {Linear Algebra and Its Applications},
   edition = {4},
   year = {2004},
   type = {Book}
}

@book{RN148,
   author = {Poole, David},
   title = {Linear Algebra: A Modern Introduction},
   publisher = {Gengage Learning},
   address = {Stamford, CT},
   edition = {4},
   year = {2015},
   type = {Book}
}

@article{RN130,
   author = {Bates, Douglas},
   title = {Linear mixed model implementation in lme4},
   year = {2012},
   type = {Journal Article}
}

@article{RN147,
   author = {Kuznetsova, Alexandra and Brockhoff, Per B.},
   title = {Linear mixed models in sensometrics},
   year = {2015},
   type = {Journal Article}
}

@book{RN131,
   author = {Gałecki, Andrzej and Burzykowski, Tomasz},
   title = {Linear Mixed-Effects Models Using R: A Step-by-Step Approach},
   publisher = {Springer},
   year = {2013},
   type = {Book}
}

@book{RN202,
   author = {Muller, Keith E. and Stewart, Paul W.},
   title = {Linear model theory: Univariate, mutivariate, and mixed models},
   publisher = {Wiley},
   address = {Hoboken, NJ},
   year = {2006},
   type = {Book}
}

@book{RN212,
   author = {Searle, S. R.},
   title = {Linear models},
   publisher = {New York, NY},
   address = {John Wiley},
   year = {1971},
   type = {Book}
}

@book{RN204,
   author = {Rencher, Alvin C. and Schaalje, G. Bruce},
   title = {Linear models in statistics},
   publisher = {Willey},
   address = {Hoboken, NJ},
   edition = {2},
   year = {2008},
   type = {Book}
}

@book{RN197,
   author = {Faraway, Julian J.},
   title = {Linear Models with R},
   publisher = {CRC Press},
   edition = {2},
   year = {2014},
   type = {Book}
}

@book{RN194,
   author = {Seber, George A. F. and Lee, Alan J.},
   title = {Linear Regression Analysis},
   publisher = {Wiley Sons},
   address = {Hoboken, NJ},
   edition = {2},
   year = {2003},
   type = {Book}
}

@article{RN271,
   author = {Bates, Douglas and Maechler, Martin and Bolker, Ben and Walker, Steven and Christensen, Rune Haubo Bojesen and Singmann, Henrik and Dai, Bin and Grothendieck, Gabor and Green, Peter},
   title = {lme4 package},
   year = {2016},
   type = {Journal Article}
}

@book{RN133,
   author = {Bates, Douglas M.},
   title = {lme4: Mixed-effects modeling with R},
   year = {2010},
   type = {Book}
}

@article{RN11,
   author = {Booth, J. G. and Hobert, J. P.},
   title = {Maximizing generalized linear mixed model likelihoods with an automated Monte Carlo EM algorithm},
   journal = {Journal of the Royal Statistical Society: Series B (Statistical Methodology)},
   volume = {61},
   number = {1},
   pages = {265-285},
   ISSN = {1467-9868},
   DOI = {10.1111/1467-9868.00176},
   url = {http://dx.doi.org/10.1111/1467-9868.00176},
   year = {1999},
   type = {Journal Article}
}

@article{RN8,
   author = {Raudenbush, Stephen W. and Yang, Meng-Li and Yosef, Matheos},
   title = {Maximum Likelihood for Generalized Linear Models with Nested Random Effects via High-Order, Multivariate Laplace Approximation},
   journal = {Journal of Computational and Graphical Statistics},
   volume = {9},
   number = {1},
   pages = {141-157},
   ISSN = {1061-8600},
   DOI = {10.1080/10618600.2000.10474870},
   url = {http://www.tandfonline.com/doi/abs/10.1080/10618600.2000.10474870},
   year = {2000},
   type = {Journal Article}
}

@article{RN25,
   author = {Echambadi, Raj and Hess, James D.},
   title = {Mean-Centering Does Not Alleviate Collinearity Problems in Moderated Multiple Regression Models},
   journal = {Marketing Science},
   volume = {26},
   number = {3},
   pages = {438-445},
   ISSN = {07322399},
   DOI = {10.2307/40057067},
   url = {http://www.jstor.org/stable/40057067},
   year = {2007},
   type = {Journal Article}
}

@book{RN220,
   author = {Hilbe, Joseph M. and Robinson, Andrew P.},
   title = {Methods of statistical model estimation},
   publisher = {CRC Press},
   address = {Boca Raton, FL},
   year = {2013},
   type = {Book}
}

@article{RN172,
   author = {Adelman, James S. and Brown, Gordon D. A.},
   title = {Methods of testing and diagnosing model error: Dual and single route cascaded models of reading aloud},
   journal = {Journal of Memory and Language},
   volume = {59},
   number = {4},
   pages = {524-544},
   ISSN = {0749596X},
   DOI = {10.1016/j.jml.2007.11.008},
   year = {2008},
   type = {Journal Article}
}

@book{RN214,
   author = {Cameron, A. Colin and Trivedi, Pravin K.},
   title = {Microeconometrics: Methods and Applications},
   publisher = {Cambridge University Press},
   address = {Cambridge, UK},
   year = {2005},
   type = {Book}
}

@article{RN137,
   author = {Jaeger, T. Florian and Graff, Peter and Croft, William and Pontillo, Daniel},
   title = {Mixed effect models for genetic and areal dependencies in linguistic typology},
   journal = {Linguistic Typology},
   volume = {15},
   number = {2},
   ISSN = {1430-0532
1613-415X},
   DOI = {10.1515/lity.2011.021},
   year = {2011},
   type = {Journal Article}
}

@book{RN138,
   author = {Zuur, Alain F. and Ieno, Elena N. and Walker, Neil J. and Saveliev, Anatoly A. and Smith, Graham M.},
   title = {Mixed Effects Models and Extensions in Ecology with R: Statistics for Biology and Health},
   publisher = {Springer},
   year = {2009},
   type = {Book}
}

@book{RN34,
   author = {Pinheiro, José C. and Bates, Douglas M.},
   title = {Mixed Effects Models in S and S-Plus},
   publisher = {Springer},
   address = {New York, NY},
   year = {2000},
   type = {Book}
}

@article{RN28,
   author = {Baayen, R. Harald and Davidson, Doug J. and Bates, Douglas M.},
   title = {Mixed-effects modeling with crossed random effects for subjects and items},
   journal = {Journal of Memory and Language},
   volume = {59},
   number = {4},
   pages = {390-412},
   ISSN = {0749-596X},
   DOI = {10.1016/j.jml.2007.12.005},
   url = {http://www.sciencedirect.com/science/article/pii/S0749596X07001398},
   year = {2008},
   type = {Journal Article}
}

@article{RN169,
   author = {Dixon, Peter},
   title = {Models of accuracy in repeated-measures designs},
   journal = {Journal of Memory and Language},
   volume = {59},
   number = {4},
   pages = {447-456},
   ISSN = {0749596X},
   DOI = {10.1016/j.jml.2007.11.004},
   year = {2008},
   type = {Journal Article}
}

@book{RN139,
   author = {Venables, W. N. and Ripley, B. D.},
   title = {Modern Applied Statistics with S},
   publisher = {Springer},
   year = {2002},
   type = {Book}
}

@book{RN254,
   author = {Snijders, Tom A. B. and Bosker, Roel J.},
   title = {Multilevel analysis: An introduction to basic and advanced multilevel modeling},
   publisher = {Sage},
   year = {2012},
   type = {Book}
}

@book{RN143,
   author = {Goldstein, Harvey},
   title = {Multilevel Statistical Models},
   publisher = {Wiley},
   edition = {4},
   year = {2011},
   type = {Book}
}

@book{RN240,
   author = {Fox, John},
   title = {Multiple and Generalized Nonparametric Regression},
   publisher = {SAGE Publications},
   DOI = {10.4135/9781412985154},
   year = {2000},
   type = {Book}
}

@book{RN277,
   author = {Bretz, Frank and Hothorn, Torsten and Westfall, Peter},
   title = {Multiple Comparisons Using R},
   publisher = {CRC Press},
   year = {2010},
   type = {Book}
}

@book{RN221,
   author = {Berridge, Damon M. and Crouchley, Robert},
   title = {Multivariate Generalized Linear Mixed Models Using R},
   publisher = {CRC Press},
   address = {Boca Raton, FL},
   year = {2011},
   type = {Book}
}

@article{RN238,
   author = {Andersen, Robert},
   title = {Nonparametric Methods for Modeling Nonlinearity in Regression Analysis},
   journal = {Annual Review of Sociology},
   volume = {35},
   number = {1},
   pages = {67-85},
   ISSN = {0360-0572
1545-2115},
   DOI = {10.1146/annurev.soc.34.040507.134631},
   year = {2009},
   type = {Journal Article}
}

@book{RN241,
   author = {Fox, John},
   title = {Nonparametric Simple Regression},
   publisher = {SAGE Publications},
   DOI = {10.4135/9781412985307},
   year = {2000},
   type = {Book}
}

@book{RN257,
   author = {Kloke, John and McKean, Joseph W.},
   title = {Nonparametric Statistical Methods Using R},
   publisher = {CRC Press},
   address = {Boca Raton, FL},
   year = {2015},
   type = {Book}
}

@article{RN296,
   author = {Maris, E. and Oostenveld, R.},
   title = {Nonparametric statistical testing of EEG- and MEG-data},
   journal = {J Neurosci Methods},
   volume = {164},
   number = {1},
   pages = {177-90},
   ISSN = {0165-0270 (Print)
0165-0270 (Linking)},
   DOI = {10.1016/j.jneumeth.2007.03.024},
   url = {https://www.ncbi.nlm.nih.gov/pubmed/17517438},
   year = {2007},
   type = {Journal Article}
}

@article{RN20,
   author = {Zhang, Hui and Lu, Naiji and Feng, Changyong and Thurston, Sally W. and Xia, Yinglin and Zhu, Liang and Tu, Xin M.},
   title = {On fitting generalized linear mixed-effects models for binary responses using different statistical packages},
   journal = {Statistics in Medicine},
   volume = {30},
   number = {20},
   pages = {2562-2572},
   ISSN = {1097-0258},
   DOI = {10.1002/sim.4265},
   url = {http://dx.doi.org/10.1002/sim.4265},
   year = {2011},
   type = {Journal Article}
}

@book{RN145,
   author = {Little, Todd D.},
   title = {The Oxford Handbook of Quantitative Methods},
   publisher = {Oxford University Press},
   year = {2013},
   type = {Edited Book}
}

@unpublished{RN36,
   author = {Bates, Douglas and Kliegl, Reinhold and Vasishth, Shravan and Baayen, Harald},
   title = {Parsimonious Mixed Models},
   url = {arXiv:1506.04967 (stat.ME)},
   year = {2015},
   type = {Unpublished Work}
}

@book{RN216,
   author = {Chistensen, Ronald},
   title = {Plane answers to complex questions: The theory of linear models},
   publisher = {Springer},
   year = {2011},
   type = {Book}
}

@article{RN16,
   author = {Johnson, P. C. and Barry, S. J. and Ferguson, H. M. and Muller, P.},
   title = {Power analysis for generalized linear mixed models in ecology and evolution},
   journal = {Methods in Ecology and Evolution},
   volume = {6},
   number = {2},
   pages = {133-142},
   ISSN = {2041-210X (Print)},
   DOI = {10.1111/2041-210X.12306},
   url = {http://www.ncbi.nlm.nih.gov/pubmed/25893088},
   year = {2015},
   type = {Journal Article}
}

@article{RN29,
   author = {Kain, M. P. and Bolker, B. M. and McCoy, M. W.},
   title = {A practical guide and power analysis for GLMMs: detecting among treatment variation in random effects},
   journal = {PeerJ},
   volume = {3},
   pages = {e1226},
   ISSN = {2167-8359 (Electronic)},
   DOI = {10.7717/peerj.1226},
   url = {http://www.ncbi.nlm.nih.gov/pubmed/26401446},
   year = {2015},
   type = {Journal Article}
}

@book{RN150,
   author = {Walpole, Ronald E. and Myers, Raymond H. and Tech, Virginia and Myers, Sharon L. and Ye, Keying},
   title = {Probability & Statistics for Engineers & Scientists},
   publisher = {Pearson Education},
   edition = {9},
   year = {2012},
   type = {Book}
}

@book{RN301,
   author = {Mukhopadhyay, Nitis},
   title = {Probability and statistical inference},
   publisher = {Marcel Dekker},
   address = {New York, NY},
   year = {2000},
   type = {Book}
}

@book{RN321,
   author = {DeGroot, Morris H. and Schervish, Mark J.},
   title = {Probability and Statistics},
   publisher = {Pearson Education},
   address = {Boston, MA},
   edition = {4},
   year = {2012},
   type = {Book}
}

@book{RN261,
   author = {Ugarte, Maíra Dolores and Militino, Ana F. and Arnholt, Alan T.},
   title = {Probability and statistics with R},
   publisher = {CRC Press},
   address = {Boca Raton, UK},
   edition = {2},
   year = {2016},
   type = {Book}
}

@book{RN285,
   author = {Dobrow, Robert P.},
   title = {Probability With Applications and R},
   publisher = {Wiley},
   year = {2014},
   type = {Book}
}

@book{RN222,
   author = {Lawrence, Michael F. and Verzani, John},
   title = {Programming Graphical User Interfaces in R},
   publisher = {CRC Press},
   address = {Boca Raton, FL},
   year = {2012},
   type = {Book}
}

@book{RN195,
   author = {Chambers, John M.},
   title = {Programming with data: A guide to the S language},
   publisher = {Springer},
   address = {New York, NY},
   year = {1998},
   type = {Book}
}

@book{RN243,
   author = {Crawley, Michael J.},
   title = {The R Book},
   publisher = {Wiley},
   address = {West Sussex, UK},
   edition = {2},
   year = {2013},
   type = {Book}
}

@book{RN178,
   author = {Fox, John and Weisberg, Sanford},
   title = {An R companion to applied regression},
   publisher = {Sage},
   address = {Los Angeles, LA},
   edition = {2},
   year = {2011},
   type = {Book}
}

@book{RN218,
   author = {Hay-Jahans, Christopher},
   title = {An R Companion to Linear Statistical Models},
   publisher = {CRC Press},
   address = {Boca Raton},
   year = {2012},
   type = {Book}
}

@book{RN309,
   author = {Wickham, Hadley and Grolemund, Garrett},
   title = {R for Data Science: Import, Tidy, Transform, Visualize, and Model Data},
   publisher = {O’Reilly Media},
   address = {Sebastopol, CA},
   year = {2016},
   type = {Book}
}

@book{RN196,
   author = {Murrell, Paul},
   title = {R Graphics},
   publisher = {CRC Press},
   address = {Boca Raton, FL},
   edition = {2},
   year = {2011},
   type = {Book}
}

@book{RN198,
   author = {Adler, Joseph},
   title = {R in a nutshell},
   publisher = {O'Reily Media},
   address = {Sebastopol, CA},
   year = {2010},
   type = {Book}
}

@book{RN298,
   author = {Wickham, Hadley},
   title = {R Packages: Organize, Test, Document, and Share Your Code},
   publisher = {O'Reilly Media},
   year = {2016},
   type = {Book}
}

@book{RN185,
   author = {Peng, Roger D.},
   title = {R Programming for Data Science},
   year = {2015},
   type = {Book}
}

@article{RN162,
   author = {Barr, Dale J. and Levy, Roger and Scheepers, Christoph and Tily, Harry J.},
   title = {Random effects structure for confirmatory hypothesis testing: Keep it maximal},
   journal = {Journal of Memory and Language},
   volume = {68},
   number = {3},
   pages = {255-278},
   ISSN = {0749-596X},
   DOI = {10.1016/j.jml.2012.11.001},
   url = {http://www.sciencedirect.com/science/article/pii/S0749596X12001180},
   year = {2013},
   type = {Journal Article}
}

@article{RN315,
   author = {Benjamin, D. J., et al.,},
   title = {Redefine Statistical Significance},
   journal = {Nature Human Behavior},
   DOI = { http://osf.io/preprints/psyarxiv/mky9j},
   year = {2017},
   type = {Journal Article}
}

@article{RN310,
   author = {Begley, C. G. and Ioannidis, J. P.},
   title = {Reproducibility in science: improving the standard for basic and preclinical research},
   journal = {Circulation Research},
   volume = {116},
   number = {1},
   pages = {116-26},
   ISSN = {1524-4571 (Electronic)
0009-7330 (Linking)},
   DOI = {10.1161/CIRCRESAHA.114.303819},
   url = {https://www.ncbi.nlm.nih.gov/pubmed/25552691},
   year = {2015},
   type = {Journal Article}
}

@book{RN223,
   author = {Gandrud, Christopher},
   title = {Reproducible research with R and Rstudio},
   publisher = {CRC Press},
   address = {Boca Baton},
   year = {2014},
   type = {Book}
}

@article{RN320,
   author = {Johnson, V. E.},
   title = {Revised standards for statistical evidence},
   journal = {Proc Natl Acad Sci U S A},
   volume = {110},
   number = {48},
   pages = {19313-7},
   ISSN = {1091-6490 (Electronic)
0027-8424 (Linking)},
   DOI = {10.1073/pnas.1313476110},
   url = {https://www.ncbi.nlm.nih.gov/pubmed/24218581},
   year = {2013},
   type = {Journal Article}
}

@book{RN225,
   author = {Eddelbuettel, Dirk},
   title = {Seamless R and C++ Integration with Rcpp},
   publisher = {Springer},
   address = {New York, NY},
   year = {2013},
   type = {Book}
}

@article{RN18,
   author = {DeCarlo, Lawrence T.},
   title = {Signal detection theory and generalized linear models},
   journal = {Psychological Methods},
   volume = {3},
   number = {2},
   pages = {186-205},
   ISSN = {1939-1463(Electronic);1082-989X(Print)},
   DOI = {10.1037/1082-989X.3.2.186},
   year = {1998},
   type = {Journal Article}
}

@book{RN191,
   author = {Chambers, John M.},
   title = {Software for data analysis:  Programming with R},
   publisher = {Springer},
   year = {2008},
   type = {Book}
}

@book{RN199,
   author = {Quick, John M.},
   title = {Statistical Analysis with R: Beginner's Guide},
   publisher = {Packt Publishing},
   address = {Birmingham, B27 6PA, UK},
   year = {2010},
   type = {Book}
}

@article{RN170,
   author = {Mirman, D. and Dixon, J. A. and Magnuson, J. S.},
   title = {Statistical and computational models of the visual world paradigm: Growth curves and individual differences},
   journal = {Journal of Memory and Language},
   volume = {59},
   number = {4},
   pages = {475-494},
   ISSN = {0749-596X (Print)
0749-596X (Linking)},
   DOI = {10.1016/j.jml.2007.11.006},
   url = {http://www.ncbi.nlm.nih.gov/pubmed/19060958},
   year = {2008},
   type = {Journal Article}
}

@book{RN235,
   author = {Hastie, Trevor and Tibshirani, Robert and Wainwright, Martin},
   title = {Statistical Learning with Sparsity:  The Lasso and Generalizations},
   publisher = {CRC Press},
   year = {2015},
   type = {Book}
}

@book{RN322,
   author = {Agresti, Alan and Finlay, Barbara},
   title = {Statistical Methods for the Social Sciences},
   publisher = {Pearson},
   address = {Essex, UK},
   year = {2014},
   type = {Book}
}

@book{RN37,
   author = {Chambers, John M. and Hastie, Trevor J.},
   title = {Statistical Models in S},
   publisher = {Champman \& Hall},
   address = {London, UK},
   year = {1993},
   type = {Edited Book}
}

@book{RN295,
   author = {Cohen, Jacob},
   title = {Statistical power analysis for the bevhavioral sciences},
   publisher = {Lawrence Erlbaum Associates},
   year = {1988},
   type = {Book}
}

@book{RN258,
   author = {McElreath, Richard},
   title = {Statistical Rethinking},
   year = {2015},
   type = {Book}
}

@book{RN160,
   author = {Cohen, Yosef and Cohen, Jeremiah Y.},
   title = {Statistics and Data with R: An applied approach through examples},
   publisher = {Wiley},
   year = {2008},
   type = {Book}
}

@book{RN154,
   author = {Gravetter, Frederick J and Wallnau, Larry B.},
   title = {Statistics for the Behavioral Sciences},
   publisher = {Wadsworth},
   edition = {10},
   year = {2017},
   type = {Book}
}

@book{RN281,
   author = {Crawley, Michael J.},
   title = {Statistics: An Introduction Using R},
   publisher = {Wiley},
   edition = {2},
   year = {2015},
   type = {Book}
}

@book{RN255,
   author = {Abelson, Harold and Sussman, Gerald Jay and Sussman, Julie},
   title = {Structure and Interpretation of Computer Programs},
   publisher = {The MIT Press},
   address = {Cambridge, MA},
   year = {1996},
   type = {Book}
}

@article{RN319,
   author = {Berger, James O. and Sellke, Thomas},
   title = {Testing a Point Null Hypothesis: The Irreconcilability of P Values and Evidence},
   journal = {Journal of the American Statistical Association},
   volume = {82},
   number = {397},
   pages = {112-122},
   year = {1987},
   type = {Journal Article}
}

@book{RN206,
   author = {Cox, D. R. and Hinkler, D. V.},
   title = {Theoretical statistics},
   publisher = {Springer},
   year = {1974},
   type = {Book}
}

@book{RN158,
   author = {Thomas, George B.  Jr. and Weir, Maurice D. and Hass, Joel},
   title = {Thomas' Caculus: Early Transcendentals},
   edition = {12},
   year = {2004},
   type = {Book}
}

@book{RN289,
   author = {Shumway, Robert H. and Stoffer, David S.},
   title = {Time series analysis and its applications: With R examples},
   publisher = {Springer},
   year = {2006},
   type = {Book}
}

@book{RN200,
   author = {Cryer, Jonathan D. and Chan, Kung-Sik},
   title = {Time Series Analysis With Applications in R},
   publisher = {Springer},
   edition = {2},
   year = {2008},
   type = {Book}
}

@book{RN304,
   author = {Allerhand, Mike},
   title = {A Tiny Handbook of R},
   publisher = {Springer},
   year = {2011},
   type = {Book}
}

@article{RN181,
   author = {Judd, Charles M. and Westfall, Jacob and Kenny, David A.},
   title = {Treating Stimuli as a Random Factor in Social Psychology: A New and Comprehensive Solution to a Pervasive but Largely Ignored Problem},
   journal = {Journal of Personality and Social Psychology},
   volume = {103},
   number = {1},
   pages = {54-69},
   DOI = {10.1037/a0028347},
   year = {2012},
   type = {Journal Article}
}

@book{RN273,
   author = {Wilcox, Rand R.},
   title = {Understanding and applying basic statistical methods using R},
   publisher = {Wiley},
   address = {Hoboken,  NJ},
   year = {2017},
   type = {Book}
}

@book{RN274,
   author = {Schumacker, Randall and Tomek, Sara},
   title = {Understanding Statistics Using R},
   publisher = {Springer},
   address = {New York, NY},
   year = {2013},
   type = {Book}
}

@article{RN24,
   author = {Næs, Tormod and Mevik, Bjørn-Helge},
   title = {Understanding the collinearity problem in regression and discriminant analysis},
   journal = {Journal of Chemometrics},
   volume = {15},
   number = {4},
   pages = {413-426},
   ISSN = {1099-128X},
   DOI = {10.1002/cem.676},
   url = {http://dx.doi.org/10.1002/cem.676},
   year = {2001},
   type = {Journal Article}
}

@article{RN173,
   author = {Verkoeijen, Peter P. J. L. and Bouwmeester, Samantha},
   title = {Using latent class modeling to detect bimodality in spacing effect data},
   journal = {Journal of Memory and Language},
   volume = {59},
   number = {4},
   pages = {545-555},
   ISSN = {0749596X},
   DOI = {10.1016/j.jml.2007.09.005},
   year = {2008},
   type = {Journal Article}
}

@book{RN201,
   author = {Horton, Nicholas J. and Kleinman, Ken},
   title = {Using R and RStudio for Data Management, Statistical Analysis, and Graphics},
   publisher = {CRC Press},
   address = {Boca Raton, FL},
   edition = {2},
   year = {2015},
   type = {Book}
}

@book{RN303,
   author = {Verzani, John},
   title = {Using R for Introductory Statistics},
   publisher = {CRC Press},
   address = {Boca Raton, FL},
   edition = {2},
   year = {2014},
   type = {Book}
}

@book{RN231,
   author = {Yee, Thomas W.},
   title = {Vector Generalized Linear and Additive Models: With an Implementation in R},
   publisher = {Springer},
   year = {2015},
   type = {Book}
}

@article{RN165,
   author = {Forster, Kenneth I.},
   title = {What is F2 Good For?},
   journal = {Journal of Memory and Language},
   volume = {59},
   number = {4},
   pages = {389},
   ISSN = {0749596X},
   DOI = {10.1016/j.jml.2008.08.002},
   year = {2008},
   type = {Journal Article}
}

